@TechReport{cloud_berkley,
    author = {Armbrust, Michael and Fox, Armando and Griffith, Rean and Joseph, Anthony D. and Katz, Randy and Konwinski, Andy and Lee, Gunho and Patterson, David and Rabkin, Ariel and Stoica, Ion and Zaharia, Matei},
    title = {Above the Clouds: A Berkeley View of Cloud Computing},
    year = {2009},
    keywords = {cloud-computing, economics, lock-in},
    institution = {UC Berkeley Reliable Adaptive Distributed Systems Laboratory},
}

@Misc{saas-characteristics,
	author = {Yefim V. Natis},
	title = {Introducing SaaS-Enabled Application Platforms: Features, Roles and Futures},
	year = {2007},
	publisher = {Gartner, Inc}
}

@article{saas-ownership-usage,
 author = {Turner, Mark and Budgen, David and Brereton, Pearl},
 title = {Turning Software into a Service},
 journal = {Computer},
 volume = {36},
 issue = {10},
 month = {October},
 year = {2003},
 issn = {0018-9162},
 pages = {38--44},
 numpages = {7},
 url = {http://portal.acm.org/citation.cfm?id=1435679.1437006},
 doi = {10.1109/MC.2003.1236470},
 acmid = {1437006},
 publisher = {IEEE Computer Society Press},
 address = {Los Alamitos, CA, USA},
} 

@article{saas-firstreport,
 author = {Brereton, Pearl and Budgen, David},
 title = {Component-Based Systems: A Classification of Issues},
 journal = {Computer},
 volume = {33},
 issue = {11},
 month = {November},
 year = {2000},
 issn = {0018-9162},
 pages = {54--62},
 numpages = {9},
 url = {http://portal.acm.org/citation.cfm?id=619057.621590},
 doi = {10.1109/2.881695},
 acmid = {621590},
 publisher = {IEEE Computer Society Press},
 address = {Los Alamitos, CA, USA},
} 

@article{saas-small-medium-enterprise,
	author = {Liao, HanCheng and Tao, ChangQi},
	doi = {10.1109/ICMECG.2008.16},
	isbn = {978-0-7695-3366-7},
	journal = {2008 International Conference on Management of e-Commerce and e-Government},
	keywords = {asp,china,comparison,example,saas},
	mendeley-tags = {asp,china,comparison,example,saas},
	month = oct,
	pages = {215--220},
	publisher = {Ieee},
	title = {{An Anatomy to SaaS Business Mode Based on Internet}},
	url = {http://ieeexplore.ieee.org/lpdocs/epic03/wrapper.htm?arnumber=4656628},
	year = {2008}
}

@Misc{amazon-ec2,
  title = 	 "{Amazon Elastic Compute Cloud (Amazon EC2)}",
  howpublished = {\url{http://aws.amazon.com/ec2/}},
  month = 	 {Fevereiro},
  year = 	 {2011}
}

@Misc{amazon-pricing,
  title = 	 {Amazon EC2 Instance Purchasing Options},
  howpublished = {\url{http://aws.amazon.com/ec2/purchasing-options/}},
  month = 	 {Fevereiro},
  year = 	 {2011},
}

@Misc{gogrid,
  title = 	 "{Cloud Hosting, Cloud Servers, Hybrid Hosting, Cloud Infrastructure from GoGrid}",
  howpublished = {\url{http://www.gogrid.com/}},
  month = 	 {Fevereiro},
  year = 	 {2011}
}

@Misc{google-appengine,
  title = 	 "{Google App Engine - Google Code}",
  howpublished = {\url{http://code.google.com/appengine/}},
  month = 	 {Fevereiro},
  year = 	 {2011}
}

@Misc{globus-online,
  title = 	 "{Globus Online}",
  howpublished = {\url{http://www.globusonline.org/}},
  month = 	 {Fevereiro},
  year = 	 {2011}
}

@Misc{r-php,
  title = 	 "{R-PHP}",
  howpublished = {\url{http://dssm.unipa.it/R-php/}},
  month = 	 {Fevereiro},
  year = 	 {2011}
}


@article{software-modeling,
	author = {Mietzner, Ralph and Metzger, Andreas and Leymann, Frank and Pohl, Klaus},
	doi = {10.1109/PESOS.2009.5068815},
	isbn = {978-1-4244-3716-0},
	journal = {2009 ICSE Workshop on Principles of Engineering Service Oriented Systems},
	keywords = {[Electronic Manuscript],software engineering},
	mendeley-tags = {software engineering},
	month = {Maio},
	pages = {18--25},
	publisher = {Ieee},
	title = {{Variability modeling to support customization and deployment of multi-tenant-aware Software as a Service applications}},
	url = {http://ieeexplore.ieee.org/lpdocs/epic03/wrapper.htm?arnumber=5068815},
	volume = {215483},
	year = {2009}
}

@article{software-development,
	author = {Espadas, Javier and Concha, David and Molina, Arturo},
	doi = {10.1109/ICSEA.2008.48},
	isbn = {978-1-4244-3218-9},
	journal = {2008 The Third International Conference on Software Engineering Advances},
	keywords = {application,development,saas,software development},
	mendeley-tags = {application,development,saas,software development},
	month = {Outubro},
	pages = {97--104},
	publisher = {Ieee},
	title = {{Application Development over Software-as-a-Service Platforms}},
	url = {http://ieeexplore.ieee.org/lpdocs/epic03/wrapper.htm?arnumber=4668094},
	year = {2008}
}

@article{multitier,
	author = {Urgaonkar, Bhuvan and Shenoy, Prashant and Chandra, Abhishek},
	journal = {ACM Transactions on},
	keywords = {dinamic provision,predictive,queue model,reactive,response time,vm monitor,xen},
	mendeley-tags = {dinamic provision,predictive,queue model,reactive,response time,vm monitor,xen},
	title = {{Agile dynamic provisioning of multi-tier internet applications}},
	url = {http://portal.acm.org/citation.cfm?id=1342172},
	year = {2008}
}

@article{loadbalancing,
	author = {Zhang, Liyong and Wen, Yan and Han, Yanbo},
	doi = {10.1109/SOSE.2010.37},
	isbn = {978-1-4244-7327-4},
	journal = {2010 Fifth IEEE International Symposium on Service Oriented System Engineering},
	keywords = {- workflow,load balancing,saas},
	month = {Junho},
	pages = {39--46},
	publisher = {Ieee},
	title = {{A Proactive Approach to Load Balancing of Workflow Execution in a SaaS Environment}},
	url = {http://ieeexplore.ieee.org/lpdocs/epic03/wrapper.htm?arnumber=5569933},
	year = {2010}
}

@inproceedings{kim-responsetime, 
	author={Hyunjoo Kim and Parashar, M. and Foran, D.J. and Lin Yang}, 
	booktitle={Grid Computing, 2009 10th IEEE/ACM International Conference on}, title={Investigating the use of autonomic cloudbursts for high-throughput medical image registration}, 
	year={2009}, 
	month={Outubro}, 
	pages={34 -41}, 
	keywords={Amazon EC2;Cancer Institute of New Jersey;CometCloud engine;QoS constraints;Rutgers University;autonomic cloudbursts;medical image registration service;performance history;policy-based autonomic scheduling;policy-driven scheduling agent;private cloud resource;public cloud resource;public cloud services;virtual computational cloud;Internet;fault tolerant computing;image registration;medical image processing;quality of service;scheduling;virtual reality;}, 
	doi={10.1109/GRID.2009.5353065}, 
}

@inproceedings{marshall-cloudburst,
    author = {Marshall, P. and Keahey, K. and Freeman, T.},
    booktitle = {2010 10th IEEE/ACM International Conference on Cluster, Cloud and Grid Computing},
    citeulike-article-id = {7847757},
    keywords = {*file-import-10-09-17},
    organization = {IEEE},
    pages = {43--52},
    posted-at = {2010-09-17 19:46:37},
    priority = {3},
    title = {{Elastic Site: Using Clouds to Elastically Extend Site Resources}},
    year = {2010}
}

@article{scheduler-bot,
	author = {David Candeia and Ricardo Araujo and Raquel Lopes and Francisco Brasileiro},
	title = {Investigating Business-Driven Cloudburst Schedulers for E-Science Bag-of-Tasks Applications},
	journal ={Cloud Computing Technology and Science, IEEE International Conference on},
	volume = {0},
	isbn = {978-0-7695-4302-4},
	year = {2010},
	pages = {343-350},
	doi = {http://doi.ieeecomputersociety.org/10.1109/CloudCom.2010.67},
	publisher = {IEEE Computer Society},
	address = {Los Alamitos, CA, USA},
}

@misc{wilkes-utility,
    author = {John Wilkes},
    title = {Utility functions, prices, and negotiation},
    year = {2008}
}

@article{lee-utility,
	 author = {Lee, Cynthia Bailey and Snavely, Allan},
	 title = {On the User-Scheduler Dialogue: Studies of User-Provided Runtime Estimates and Utility Functions},
	 journal = {Int. J. High Perform. Comput. Appl.},
	 volume = {20},
	 issue = {4},
	 month = {Novembro},
	 year = {2006},
	 issn = {1094-3420},
	 pages = {495--506},
	 numpages = {12},
	 url = {http://portal.acm.org/citation.cfm?id=1274596.1274608},
	 doi = {10.1177/1094342006068414},
	 acmid = {1274608},
	 publisher = {Sage Publications, Inc.},
	 address = {Thousand Oaks, CA, USA},
	 keywords = {Scheduling, runtime estimates, utility functions},
}

@inproceedings{sla, 
	author={Fito, J.O. and Goiri, I. and Guitart, J.}, 
	booktitle={Parallel, Distributed and Network-Based Processing (PDP), 2010 18th Euromicro International Conference on}, title={SLA-driven Elastic Cloud Hosting Provider}, 
	year={2010}, 
	month={Fevereiro}, 
	pages={111 -118}, 
	keywords={CHP;SLA;Web applications;cloud computing;elastic cloud hosting provider;service level agreements;Internet;}, 
	doi={10.1109/PDP.2010.16}, 
	ISSN={1066-6192},
}

@article{cloud-services,
	 author = {Vaquero, Luis M. and Rodero-Merino, Luis and Caceres, Juan and Lindner, Maik},
	 title = {A break in the clouds: towards a cloud definition},
	 journal = {SIGCOMM Comput. Commun. Rev.},
	 volume = {39},
	 issue = {1},
	 month = {December},
	 year = {2008},
	 issn = {0146-4833},
	 pages = {50--55},
	 numpages = {6},
	 url = {http://doi.acm.org/10.1145/1496091.1496100},
	 doi = {http://doi.acm.org/10.1145/1496091.1496100},
	 acmid = {1496100},
	 publisher = {ACM},
	 address = {New York, NY, USA},
	 keywords = {cloud computing, cloud definition, grid},
} 

