@Misc{ourgridSite,
OPTtitle = {OurGrid Project},
OPThowpublished = {http://ourgrid.org},
}
